<?xml version="1.0" encoding="UTF-8"?><collection xmlns="http://www.loc.gov/MARC21/slim"><record><leader>00465nam--2200145-i-4500</leader><controlfield tag="001">000039956</controlfield><controlfield tag="002">20161230</controlfield><controlfield tag="005">20170110224447</controlfield><controlfield tag="008">060222s1000------------r-----000-0-eng-d</controlfield><datafield ind1=" " ind2=" " tag="100"><subfield code="a">Saburov, P. D</subfield></datafield><datafield ind1=" " ind2=" " tag="245"><subfield code="a">Lucrarile pregatitoare si indreprinderile de productie anexe, necesare la construirea centralelor hidroelectrice</subfield></datafield><datafield ind1=" " ind2=" " tag="260"><subfield code="a">Bucuresti</subfield><subfield code="b">Ed.Energetica De Stat</subfield><subfield code="c">1954</subfield></datafield><datafield ind1=" " ind2=" " tag="300"><subfield code="a">172 p. Cu Ilustr. + 1 F.Pl</subfield></datafield><datafield ind1=" " ind2=" " tag="852"><subfield code="a">3112</subfield></datafield><datafield ind1=" " ind2=" " tag="CAT"><subfield code="a">SYS</subfield><subfield code="c">20170110</subfield><subfield code="h">224447</subfield></datafield></record></collection>